<record><leader>00000cas a22000007a 4500</leader><controlfield tag="001">12294583</controlfield><controlfield tag="008">850723d187u1881inudn ne      0    0eng d</controlfield><datafield ind1=" " ind2=" " tag="010"><subfield code="a">sn 85047997 </subfield></datafield><datafield ind1=" " ind2=" " tag="040"><subfield code="a">NPI</subfield><subfield code="b">eng</subfield><subfield code="c">NPI</subfield><subfield code="d">OCLCQ</subfield><subfield code="d">IUL</subfield><subfield code="d">OCLCF</subfield></datafield><datafield ind1=" " ind2=" " tag="042"><subfield code="a">msc</subfield></datafield><datafield ind1=" " ind2=" " tag="043"><subfield code="a">n-us-in</subfield></datafield><datafield ind1="0" ind2="0" tag="245"><subfield code="a">Daily local lever.</subfield></datafield><datafield ind1=" " ind2=" " tag="260"><subfield code="a">Seymour, Ind. :</subfield><subfield code="b">John A. Forsythe</subfield></datafield><datafield ind1=" " ind2=" " tag="300"><subfield code="a">v. :</subfield><subfield code="b">ill. (chiefly advertisements)</subfield></datafield><datafield ind1=" " ind2=" " tag="310"><subfield code="a">Daily (except Sundays and holdiays)</subfield></datafield><datafield ind1="1" ind2=" " tag="362"><subfield code="a">Began in 1878 or 1879; ceased in 1881.</subfield></datafield><datafield ind1=" " ind2=" " tag="588"><subfield code="a">Description based on: Vol. 3, no. 193 (Aug. 12, 1879).</subfield></datafield><datafield ind1=" " ind2="0" tag="651"><subfield code="a">Seymour (Ind.)</subfield><subfield code="v">Newspapers.</subfield></datafield><datafield ind1=" " ind2="0" tag="651"><subfield code="a">Jackson County (Ind.)</subfield><subfield code="v">Newspapers.</subfield></datafield><datafield ind1=" " ind2="7" tag="655"><subfield code="a">Newspapers.</subfield><subfield code="2">fast</subfield><subfield code="0">(OCoLC)fst01423814</subfield></datafield><datafield ind1=" " ind2="7" tag="651"><subfield code="a">Indiana</subfield><subfield code="z">Jackson County.</subfield><subfield code="2">fast</subfield><subfield code="0">(OCoLC)fst01216713</subfield></datafield><datafield ind1=" " ind2="7" tag="651"><subfield code="a">Indiana</subfield><subfield code="z">Seymour.</subfield><subfield code="2">fast</subfield><subfield code="0">(OCoLC)fst01218144</subfield></datafield><datafield ind1=" " ind2=" " tag="752"><subfield code="a">United States</subfield><subfield code="b">Indiana</subfield><subfield code="c">Jackson</subfield><subfield code="d">Seymour.</subfield></datafield><datafield ind1="0" ind2="0" tag="785"><subfield code="t">Seymour daily lever</subfield><subfield code="w">(DLC)sn 85047996</subfield><subfield code="w">(OCoLC)12294668</subfield></datafield></record>